
@ONLINE{1,
	Author = {Valavaara, Viljo},
	Month = {October},
	Title = {Topology fabrication apparatus},
	Url = {www.google.com/patents/US4749347},
	Year = {1986}}

@ONLINE{2,
	Author = {Crump, S. Scott},
	Month = {October},
	Title = {Apparatus and method for creating three-dimensional objects},
	Url = {http://www.google.com/patents?vid=5121329},
	Year = {1989}}

@ONLINE{3,
	Author = {Atala, Anthony},
	Month = {March},
	Title = {Printing a human kidney},
	Url = {http://www.ted.com/talks/anthony_atala_printing_a_human_kidney.html},
	Year = {2011}}

@ONLINE{4,
	Author = {Carr, Erin Lee},
	Month = {March},
	Title = {3D Printed Guns (Documentary)},
	Url = {http://www.youtube.com/watch?v=DconsfGsXyA},
	Year = {2013}}

@ONLINE{5,
	Author = {Rocholl, Johann C.},
	Title = {Rostock - Delta robot},
	Url = {http://reprap.org/wiki/Rostock},
	Year = {2012}}

@ONLINE{6,
	Author = {Brody, Paul and IBM and Econolyst},
	Title = {Research Preview: 3D Printing Goes Exponential},
	Url = {https://www-304.ibm.com/connections/blogs/electronics/entry/research_preview_3d_printing_goes_exponential2?lang=en_us},
	Month = {March},
	Year = {2013}}

